<collection xmlns="http://www.loc.gov/MARC21/slim">
<record>
  <leader>00276na 0a22000851i 450 </leader>
  <controlfield tag="001">IT\ICCU\CNCE\074898</controlfield>
  <controlfield tag="005">20091124000000.0</controlfield>
  <datafield tag="100" ind1=" " ind2=" ">
    <subfield code="a">20091124             0itac0103    ba</subfield>
  </datafield>
  <datafield tag="200" ind1="1" ind2=" ">
    <subfield code="a">℗Eutichi Augustini Niphi philophei Suessani ℗Ad apotelesmata Ptolomaei eruditiones</subfield>
  </datafield>
  <datafield tag="801" ind1=" " ind2="3">
    <subfield code="a">IT</subfield>
    <subfield code="b">ICCU</subfield>
    <subfield code="c">20201115</subfield>
  </datafield>
</record>
</collection>
